<record><leader>00000cas a2200000 a 4500</leader><controlfield tag="001">43789631</controlfield><controlfield tag="008">000406cuuuu9999fluwr ne      0    0eng c</controlfield><datafield ind1=" " ind2=" " tag="010"><subfield code="a">sn 00063016 </subfield></datafield><datafield ind1=" " ind2=" " tag="040"><subfield code="a">NYS</subfield><subfield code="b">eng</subfield><subfield code="c">NYS</subfield><subfield code="d">OCLCQ</subfield><subfield code="d">OCLCF</subfield><subfield code="d">OCLCO</subfield></datafield><datafield ind1="1" ind2=" " tag="029"><subfield code="a">AU@</subfield><subfield code="b">000021486343</subfield></datafield><datafield ind1=" " ind2=" " tag="037"><subfield code="b">PO Box 419000, Melbourne, FL 32941-9000</subfield></datafield><datafield ind1=" " ind2=" " tag="042"><subfield code="a">pcc</subfield></datafield><datafield ind1=" " ind2=" " tag="043"><subfield code="a">n-us-fl</subfield></datafield><datafield ind1="0" ind2=" " tag="130"><subfield code="a">Times (Melbourne, Fla.)</subfield></datafield><datafield ind1="1" ind2="4" tag="245"><subfield code="a">The times.</subfield></datafield><datafield ind1="1" ind2="7" tag="246"><subfield code="a">Florida today weeklies</subfield></datafield><datafield ind1=" " ind2=" " tag="260"><subfield code="a">Melbourne, FL :</subfield><subfield code="b">Florida Today</subfield></datafield><datafield ind1=" " ind2=" " tag="300"><subfield code="a">v. :</subfield><subfield code="b">ill. (some col.) ;</subfield><subfield code="c">56 cm.</subfield></datafield><datafield ind1=" " ind2=" " tag="310"><subfield code="a">Weekly (published on Wednesday)</subfield></datafield><datafield ind1=" " ind2=" " tag="500"><subfield code="a">"Published by Florida Today to serve Melbourne, Indialantic, Indian Harbour Beach, Melbourne Beach, Melbourne Village, Palm Shores, Satellite Beach, Suntree and West Melbourne."</subfield></datafield><datafield ind1=" " ind2=" " tag="588"><subfield code="a">Description based on: Vol. 30, no. 3 (Mar. 8, 2000).</subfield></datafield><datafield ind1=" " ind2=" " tag="588"><subfield code="a">Latest issue consulted: Vol. 30, no. 4 (Mar. 15, 2000).</subfield></datafield><datafield ind1=" " ind2="0" tag="651"><subfield code="a">Melbourne (Fla.)</subfield><subfield code="v">Newspapers.</subfield></datafield><datafield ind1=" " ind2="0" tag="651"><subfield code="a">Brevard County (Fla.)</subfield><subfield code="v">Newspapers.</subfield></datafield><datafield ind1=" " ind2="7" tag="655"><subfield code="a">Newspapers.</subfield><subfield code="2">fast</subfield><subfield code="0">(OCoLC)fst01423814</subfield></datafield><datafield ind1=" " ind2="7" tag="651"><subfield code="a">Florida</subfield><subfield code="z">Brevard County.</subfield><subfield code="2">fast</subfield><subfield code="0">(OCoLC)fst01212300</subfield></datafield><datafield ind1=" " ind2="7" tag="651"><subfield code="a">Florida</subfield><subfield code="z">Melbourne.</subfield><subfield code="2">fast</subfield><subfield code="0">(OCoLC)fst01213183</subfield></datafield><datafield ind1=" " ind2=" " tag="752"><subfield code="a">United States</subfield><subfield code="b">Florida</subfield><subfield code="c">Brevard</subfield><subfield code="d">Melbourne.</subfield></datafield><datafield ind1="0" ind2=" " tag="775"><subfield code="t">Florida today (Cocoa, Fla.)</subfield><subfield code="x">1051-8304</subfield><subfield code="w">(DLC)sn 90001833</subfield><subfield code="w">(OCoLC)14366320</subfield></datafield></record>